@book{hottbook,
  author =    {{The Univalent Foundations Program}},
  title =     {Homotopy Type Theory: Univalent Foundations of Mathematics},
  shorthand = {HoTT},
  publisher = {\url{http://homotopytypetheory.org/book}},
  address =   {IAS},
  year =      2013}

@misc{hottlib,
  author = {{The Univalent Foundations Program}},
  title = {Coq {HoTT} library},
  url = {https://github.com/HoTT/HoTT/},
  shorthand = {HoTT/Coq}
  }

@book{maclanemoerdijk,
author="Saunders MacLane and Ieke Moerdijk",
title="Sheaves in Geometry and Logic",
publisher="Springer-Verlag",
year="1992"}

@book{lurie,
   title = "Higher topos theory",
   author = "Lurie, Jacob",
   series = "Annals of mathematics studies",
   publisher = "Princeton University Press",
   address = "Princeton, N.J., Oxford",
   year = 2009,
   shorthand={HTT}
}

@article{boulier,
  title={Colimits in {HoTT}},
  author={Boulier, Simon},
  journal={Blog post},
  URL={http://homotopytypetheory.org/2016/01/08/colimits-in-hott/},
  year={2016},
  }

@article{sets_in_hott,
  title={Sets in homotopy type theory},
  author={Rijke, Egbert and Spitters, Bas},
  journal={arXiv preprint arXiv:1305.3835},
  year={2013}
}

@article{lumsdaine,
  title={Homotopy limits in type theory},
  author={Avigad, Jeremy and Kapulkin, Krzysztof and Lumsdaine, Peter LeFanu},
  year={Published online: 19 january 2015},
  journal={Mathematical Structures in Computer Science},
  }


@book{cohen1966,
  title={{Set theory and the continuum hypothesis}},
  author={Cohen, P.J. and Davis, M.},
  year={1966},
  publisher={WA Benjamin New York}
}


@incollection{parigot1993classical,
  title={Classical proofs as programs},
  author={Parigot, Michel},
  booktitle={Computational logic and proof theory},
  pages={263--276},
  year={1993},
  publisher={Springer}
}


@inproceedings{herbelin2012constructive,
  title={A constructive proof of dependent choice, compatible with classical logic},
  author={Herbelin, Hugo},
  booktitle={Proceedings of the 2012 27th Annual IEEE/ACM Symposium on Logic in Computer Science},
  pages={365--374},
  year={2012},
  organization={IEEE Computer Society}
}


@incollection{berardi1995realization,
  title={A realization of the negative interpretation of the Axiom of Choice},
  author={Berardi, Stefano and Bezem, Marc and Coquand, Thierry},
  booktitle={Typed Lambda Calculi and Applications},
  pages={47--62},
  year={1995},
  publisher={Springer}
}

@article{barthe2002cps,
  title={CPS translating inductive and coinductive types},
  author={Barthe, Gilles and Uustalu, Tarmo},
  journal={ACM SIGPLAN Notices},
  volume={37},
  number={3},
  pages={131--142},
  year={2002},
  publisher={ACM}
}


@article{berardi1998computational,
  title={On the computational content of the axiom of choice},
  author={Berardi, Stefano and Bezem, Marc and Coquand, Thierry},
  journal={Journal of Symbolic Logic},
  pages={600--622},
  year={1998},
  publisher={JSTOR}
}

@article{krivine2003dependent,
  title={Dependent choice,‘quote’and the clock},
  author={Krivine, Jean-Louis},
  journal={Theoretical Computer Science},
  volume={308},
  number={1},
  pages={259--276},
  year={2003},
  publisher={Elsevier}
}


@article{lumsdaine2011higher,
  title={Higher inductive types: a tour of the menagerie},
  author={Lumsdaine, PL},
  journal={Blog post},
  url={http://homotopytypetheory. org/2011/04/24/higher-inductive-types-a-tour-of-the-menagerie},
  year={2011}
}

@article{lumsdaine2013higher,
  title={Higher inductive types},
  author={Lumsdaine, PL and Shulman, Michael},
  journal={preparation},
  year={2013}
}

@article{kapulkin2012simplicial,
  title={The simplicial model of univalent foundations},
  author={Kapulkin, Krzysztof and Lumsdaine, Peter LeFanu and Voevodsky, Vladimir},
  journal={arXiv preprint arXiv:1211.2851},
  year={2012}
}

@inproceedings{jaber2012extending,
  title={Extending type theory with forcing},
  author={Jaber, Guilhem and Tabareau, Nicolas and Sozeau, Matthieu},
  booktitle={Logic in Computer Science (LICS), 2012 27th Annual IEEE Symposium on},
  pages={395--404},
  year={2012},
  organization={IEEE}
}

@Unpublished{shulman-higher-modalities,
  author = 	 {Shulman, Michael},
  title = 	 {Higher Modalities},
  url = 	 {https://uf-ias-2012.wikispaces.com/file/view/modalitt.pdf},
  year = {2012},
  }

@article{benton1998computational,
  title={Computational types from a logical perspective},
  author={Benton, P Nick and Bierman, Gavin M. and de Paiva, Valeria CV},
  journal={Journal of Functional Programming},
  volume={8},
  number={02},
  pages={177--193},
  year={1998},
  publisher={Cambridge Univ Press}
}

@ARTICLE{moggi-monad,
  author = {Moggi, Eugenio},
  title = {Notions of Computation and Monads},
  journal = {Information and Computation},
  year = {1991},
  volume = {93},
  pages = {55-92}
}

@inproceedings{sozeau2014universe,
  title={Universe Polymorphism in Coq},
  author={Sozeau, Matthieu and Tabareau, Nicolas},
  booktitle={Interactive Theorem Proving},
  year={2014}
}

@phdthesis{norell2007towards,
  title={Towards a practical programming language based on dependent type theory},
  author={Norell, Ulf},
  year={2007},
  school={Chalmers University of Technology}
}


@manual{coq:refman:8.4,
	Author = {{The {Coq} development team}},
	Date-Added = {2014-01-29 12:15:56 +0000},
	Date-Modified = {2014-01-29 12:17:45 +0000},
	Organization = {Inria},
	Publisher = {Inria πr²},
	Read = {Oui},
	Title = {Coq 8.4 Reference Manual},
	Url = {http://coq.inria.fr/distrib/V8.4pl3/refman/},
	Year = {2012},
	Bdsk-Url-1 = {http://coq.inria.fr/V8.2beta4/doc/refman/html/Reference-Manual027.html},
	Bdsk-Url-2 = {http://coq.inria.fr/V8.2beta4/doc/refman/html/},
	Bdsk-Url-3 = {http://coq.inria.fr/distrib/V8.4pl3/refman/}}

@article{tierney1972sheaf,
	Author = {Tierney, M.},
	Date-Added = {2014-01-29 12:06:03 +0000},
	Date-Modified = {2014-01-29 12:06:03 +0000},
	Journal = {LNM 274},
	Pages = {13--42},
	Publisher = {Springer},
	Title = {{Sheaf theory and the continuum hypothesis}},
	Year = {1972}}

@article{bezem2013model,
  title={A model of type theory in cubical sets},
  author={Bezem, Marc and Coquand, Thierry and Huber, Simon},
  journal={Preprint, September},
  year={2013}
}

@article{rezk,
  title={Univalent Categories and the Rezk completion},
  author={Ahrens, Benedikt and Kapulkin, Krzysztof and Shulman, Michael},
  year={Published online: 19 january 2015},
  journal={Mathematical Structures in Computer Science},
  }

@book{jech,
title={Set theory},
author={Jech, Thomas}
}

@book{kunen,
title={Set theory},
author={Kunen, Kenneth},
editor={North-Holland}
}

@book{godel40,
  added-at = {2010-10-07T11:09:03.000+0200},
  author = {Gödel, Kurt},
  biburl = {http://www.bibsonomy.org/bibtex/22921ddec1b2fba3f24fd488ba174c77b/msn},
  interhash = {273aac2bb949e9afce3452d2303bea1d},
  intrahash = {2921ddec1b2fba3f24fd488ba174c77b},
  keywords = {cites.ref state.unclassified},
  publisher = {Princeton University Press},
  timestamp = {2010-10-07T11:09:03.000+0200},
  title = {The Consistency of the Axiom of Choice and of the Generalized Continuum Hypothesis with the Axioms of Set Theory},
  year = 1940
}

@article{morelvv,
  title={$A^1$-homotopy theory of schemes},
  author={Morel, Fabien and Voevodsky, Vladimir},
  year={1998}
}

@draft{hts,
  title={A simple type system with two identity types},
  author={Voevodsky, Vladimir},
  year={Started in 2013, in progress},
  shorthand={HTS}
  }

@misc{andromeda,
  title={Andromeda implementation},
  author={Bauer, Andrej},
  shorthand={m31}
  }

@phdthesis{streicher93,
  title={Investigations Into Intensional Type Theory},
  author={Streicher, Thomas},
  year={1993},
  type={Habilitationsschrift},
  school={LMU München}
  }

@INPROCEEDINGS{Hofmann96thegroupoid,
    author = {Hofmann, Martin and Streicher, Thomas},
    title = {The Groupoid Interpretation of Type Theory},
    booktitle = {In Venice Festschrift},
    year = {1996},
    pages = {83--111},
    publisher = {Oxford University Press}
}

@misc{bauerLums_univalenceImpliesExt,
	author = {Bauer, Andrej and Lumsdaine, Peter LeFanu},
	date= {2011},
	title = {A Coq proof that Univalence Axioms implies Functional Extensionality},
	url = {https://github.com/andrejbauer/Homotopy/raw/master/OberwolfachTutorial/univalence.pdf}}

@article{licata14uafs,
  author={Licata, Dan},
  title={Another proof that univalence implies function extensionality},
  journal={Blog post},
  url={http://homotopytypetheory.org/2014/02/17/another-proof-that-univalence-implies-function-extensionality/}
  }

@InProceedings{pi1s1,
  author =       {Daniel R. Licata and Michael Shulman},
  title =        {Calculating the Fundamental Group of the Circle in Homotopy Type Theory},
  booktitle = {LICS 2013: Proceedings of the Twenty-Eighth Annual
                  ACM/IEEE Symposium on Logic in Computer Science},
  year =      2013}